@article{rivals2007enrichment,
  title={Enrichment or depletion of a GO category within a class of genes: which test?},
  author={Rivals, Isabelle and Personnaz, L{\'e}on and Taing, Lieng and Potier, Marie-Claude},
  journal={Bioinformatics},
  volume={23},
  number={4},
  pages={401--407},
  year={2007},
  publisher={Oxford Univ Press}
}

@article{fisher1934statistical,
  title={Statistical methods for research workers},
  author={Fisher, Ronald A},
  year={1934},
  publisher={Edinburgh}
}

@article{fisher1922interpretation,
  title={On the interpretation of $\chi$2 from contingency tables, and the calculation of P},
  author={Fisher, Ronald A},
  journal={Journal of the Royal Statistical Society},
  pages={87--94},
  year={1922},
  publisher={JSTOR}
}

@article{bonnet2015navicell,
  title={NaviCell Web Service for network-based data visualization},
  author={Bonnet, Eric and Viara, Eric and Kuperstein, Inna and Calzone, Laurence and Cohen, David PA and Barillot, Emmanuel and Zinovyev, Andrei},
  journal={Nucleic Acids Research},
  pages={gkv450},
  year={2015},
  publisher={Oxford Univ Press}
}

@article{kuperstein2015atlas,
  title={Atlas of Cancer Signalling Network: a systems biology resource for integrative analysis of cancer data with Google Maps},
  author={Kuperstein, I and Bonnet, E and Nguyen, HA and Cohen, D and Viara, E and Grieco, L and Fourquet, S and Calzone, L and Russo, C and Kondratova, M and others},
  journal={Oncogenesis},
  volume={4},
  number={7},
  pages={e160},
  year={2015},
  publisher={Nature Publishing Group}
}

@Manual{mainRref,
   title = {R: A Language and Environment for Statistical Computing},
   author = {{R Core Team}},
   organization = {R Foundation for Statistical Computing},
   address = {Vienna, Austria},
   year = {2014},
   url = {http://www.R-project.org/}
}

@article{kuperstein2013navicell,
  title={NaviCell: a web-based environment for navigation, curation and maintenance of large molecular interaction maps},
  author={Kuperstein, Inna and Cohen, David PA and Pook, Stuart and Viara, Eric and Calzone, Laurence and Barillot, Emmanuel and Zinovyev, Andrei},
  journal={BMC systems biology},
  volume={7},
  number={1},
  pages={100},
  year={2013},
  publisher={BioMed Central Ltd}
}

@article{adriaens2008public,
  title={The public road to high-quality curated biological pathways},
  author={Adriaens, Michiel E and Jaillard, Magali and Waagmeester, Andra and Coort, Susan LM and Pico, Alex R and Evelo, Chris TA},
  journal={Drug Discovery Today},
  volume={13},
  number={19},
  pages={856--862},
  year={2008},
  publisher={Elsevier}
}

@article{vance2009data,
  title={Data analysts captivated by R's power},
  author={Vance, Ashlee},
  journal={New York Times},
  volume={6},
  year={2009}
}

@article{kanehisa2011kegg,
  title={KEGG for integration and interpretation of large-scale molecular data sets},
  author={Kanehisa, Minoru and Goto, Susumu and Sato, Yoko and Furumichi, Miho and Tanabe, Mao},
  journal={Nucleic Acids Research},
  pages={gkr988},
  year={2011},
  publisher={Oxford Univ Press}
}

@article{croft2014reactome,
  title={The Reactome pathway knowledgebase},
  author={Croft, David and Mundo, Antonio Fabregat and Haw, Robin and Milacic, Marija and Weiser, Joel and Wu, Guanming and Caudy, Michael and Garapati, Phani and Gillespie, Marc and Kamdar, Maulik R and others},
  journal={Nucleic Acids Research},
  volume={42},
  number={D1},
  pages={D472--D477},
  year={2014},
  publisher={Oxford Univ Press}
}

@article{zanzoni2002mint,
  title={MINT: a Molecular INTeraction database},
  author={Zanzoni, Andreas and Montecchi-Palazzi, Luisa and Quondam, Michele and Ausiello, Gabriele and Helmer-Citterich, Manuela and Cesareni, Gianni},
  journal={FEBS Letters},
  volume={513},
  number={1},
  pages={135--140},
  year={2002},
  publisher={Elsevier}
}

